<record><leader>00000cas a22000007a 4500</leader><controlfield tag="001">12170207</controlfield><controlfield tag="008">850618d19271943pauwr ne      0    0eng d</controlfield><datafield ind1=" " ind2=" " tag="010"><subfield code="a">sn 85055001 </subfield></datafield><datafield ind1=" " ind2=" " tag="040"><subfield code="a">PLF</subfield><subfield code="b">eng</subfield><subfield code="c">PLF</subfield><subfield code="d">NPH</subfield><subfield code="d">OCLCQ</subfield></datafield><datafield ind1=" " ind2=" " tag="042"><subfield code="a">msc</subfield></datafield><datafield ind1="0" ind2="4" tag="245"><subfield code="a">The Breeze of Lower Montgomery County.</subfield></datafield><datafield ind1=" " ind2=" " tag="260"><subfield code="a">Rockledge, Pa. :</subfield><subfield code="b">Blaetz Bros.,</subfield><subfield code="c">-1943.</subfield></datafield><datafield ind1=" " ind2=" " tag="300"><subfield code="a">v. :</subfield><subfield code="b">ill.</subfield></datafield><datafield ind1=" " ind2=" " tag="310"><subfield code="a">Weekly</subfield></datafield><datafield ind1="0" ind2=" " tag="362"><subfield code="a">-v. 17, no. 4 (Aug. 26, 1943).</subfield></datafield><datafield ind1="1" ind2=" " tag="362"><subfield code="a">Began 1927?</subfield></datafield><datafield ind1=" " ind2=" " tag="500"><subfield code="a">"Published every Thursday since 1927."</subfield></datafield><datafield ind1=" " ind2=" " tag="588"><subfield code="a">Description based on: Vol. 16, no. 23 (Jan. 7, 1943).</subfield></datafield><datafield ind1=" " ind2=" " tag="752"><subfield code="a">United States</subfield><subfield code="b">Pennsylvania</subfield><subfield code="c">Montgomery</subfield><subfield code="d">Rockledge.</subfield></datafield><datafield ind1="0" ind2="0" tag="785"><subfield code="t">Breeze (Rockledge, Pa.)</subfield><subfield code="w">(OCoLC)12170215</subfield></datafield></record>